00602cas a22002411a 4500
001 999298243502836
003 Nz
005 20160321142652.0
008 040106d1870uuuunz  r ne      0   0 eng d
035    $a (NLNZils)929824
035    $a (Nz)8164641
035    $a (NLNZils)929824-ilsdb
035    $a (OCoLC)173421742
040    $a WN $c WN
042    $a nznb
043    $a u-nz---
130 0  $a Mail (Thames, N.Z.)
245 10 $a Mail.
260    $a [Thames, N.Z. : $b s.n., $c 1870-?]
310    $a Daily
362 0  $a 1870 Mar.26-?
651  0 $a Thames (N.Z.) $v Newspapers.
655  7 $a New Zealand newspapers. $2 local $5 Nz
